BibTeX | EndNote | ACM Ref
@inproceedings{9Wang2009,
 author = {Wang, Ye Diana and Zahadat, Nima},
 title = {Teaching Web Development in the Web 2.0 Era},
 booktitle = {Proceedings of the 10th ACM Conference on SIG-information Technology Education},
 series = {SIGITE '09},
 year = {2009},
 isbn = {978-1-60558-765-3},
 location = {Fairfax, Virginia, USA},
 pages = {80--86},
 numpages = {7},
 url = {http://doi.acm.org/10.1145/1631728.1631753},
 doi = {10.1145/1631728.1631753},
 acmid = {1631753},
 publisher = {ACM},
 address = {New York, NY, USA},
 keywords = {ajax, information technology education, pedagogy, web 2.0, web development}
} 

@inproceedings{7XinogalosK2012,
  author    = {Stelios Xinogalos and
               Theodore H. Kaskalis},
  title     = {The Challenges of Teaching Web Programming - Literature Review and
               Proposed Guidelines},
  booktitle = {{WEBIST} 2012 - Proceedings of the 8th International Conference on
               Web Information Systems and Technologies, Porto, Portugal, 18 - 21
               April, 2012},
  pages     = {207--212},
  year      = {2012},
  crossref  = {DBLP:conf/webist/2012},
  timestamp = {Fri, 25 May 2012 12:32:27 +0200},
  biburl    = {http://dblp.uni-trier.de/rec/bib/conf/webist/XinogalosK12},
  bibsource = {dblp computer science bibliography, http://dblp.org}
}

@article{4Liu2011,
 author = {Liu, Yi and Phelps, Gita},
 title = {Challenges and Professional Tools Used when Teaching Web Programming},
 journal = {J. Comput. Sci. Coll.},
 issue_date = {May 2011},
 volume = {26},
 number = {5},
 month = may,
 year = {2011},
 issn = {1937-4771},
 pages = {116--121},
 numpages = {6},
 url = {http://dl.acm.org/citation.cfm?id=1961574.1961597},
 acmid = {1961597},
 publisher = {Consortium for Computing Sciences in Colleges},
 address = {USA}
} 

@inproceedings{10Rosenbloom2017,
 author = {Rosenbloom, Arnold and Zhang, Larry Yueli},
 title = {A 12 Week Full Stack Web Course in 2017},
 booktitle = {Proceedings of the 2017 ACM Conference on Innovation and Technology in Computer Science Education},
 series = {ITiCSE '17},
 year = {2017},
 isbn = {978-1-4503-4704-4},
 location = {Bologna, Italy},
 pages = {86--87},
 numpages = {2},
 url = {http://doi.acm.org/10.1145/3059009.3072977},
 doi = {10.1145/3059009.3072977},
 acmid = {3072977},
 publisher = {ACM},
 address = {New York, NY, USA},
 keywords = {computer science education, course outline, web development},
} 